@misc{geiping2020inverting,
      title={Inverting Gradients -- How easy is it to break privacy in federated learning?},
      author={Jonas Geiping and Hartmut Bauermeister and Hannah Dröge and Michael Moeller},
      year={2020},
      eprint={2003.14053},
      archivePrefix={arXiv},
      primaryClass={cs.CV}
}

@book{privacybook,
      year = {2014},
      title = {The Algorithmic Foundations of Differential Privacy},
      author = {Cynthia Dwork and Aaron Roth}
}

@misc{lian2017decentralized,
      title={Can Decentralized Algorithms Outperform Centralized Algorithms? A Case Study for Decentralized Parallel Stochastic Gradient Descent},
      author={Xiangru Lian and Ce Zhang and Huan Zhang and Cho-Jui Hsieh and Wei Zhang and Ji Liu},
      year={2017},
      eprint={1705.09056},
      archivePrefix={arXiv},
      primaryClass={math.OC}
}

 @InProceedings{bellet,
 title = {Personalized and Private Peer-to-Peer Machine Learning},
 author = {Aurélien Bellet and Rachid Guerraoui and Mahsa Taziki and Marc Tommasi},
 year = {2018},
 series = {Proceedings of Machine Learning Research},
}

@misc{magnet,
  howpublished = "\url{https://team.inria.fr/magnet/}"
}

@misc{abellet,
  howpublished = "\url{http://researchers.lille.inria.fr/abellet/}"
}

@misc{mtommasi,
  howpublished = "\url{http://researchers.lille.inria.fr/tommasi/}"
}
