@inproceedings{mangold2025scaffold,
  title={Scaffold with Stochastic Gradients: New Analysis with Linear Speed-Up},
  author={Mangold, Paul and Durmus, Alain and Dieuleveut, Aymeric and Moulines, Eric},
  booktitle={ICML},
  AUTHOR+an = {1=highlight},
 keywords={me},
  year={2025}
}

@inproceedings{mangold2025refined,
  title={Refined Analysis of Federated Averaging's Bias and Federated Richardson-Romberg Extrapolation},
  author={Mangold, Paul and Durmus, Alain and Dieuleveut, Aymeric and Samsonov, Sergey and Moulines, Eric},
  booktitle={AISTATS},
  year={2025},
  AUTHOR+an = {1=highlight},
 keywords={me,preprint},
url={https://hal.science/hal-04878342},
annotation={\url{https://github.com/pmangold/fedavg-richardson-romberg}}
}

@incollection{mancini2025integrating,
  title={Integrating FedDRL for Efficient Vehicular Communication in Smart Cities},
  author={Mancini, Lorenzo and Labbi, Safwan and Meraim, Karim Abed and Boukhalfa, Fouzi and Durmus, Alain and Mangold, Paul and Moulines, Eric},
  booktitle={Internet of Vehicles and Computer Vision Solutions for Smart City Transformations},
  year={2025},
  publisher={Springer}
}


@inproceedings{labbi2025federated,
  title={Federated UCBVI: Communication-Efficient Federated Regret Minimization with Heterogeneous Agents},
  author={Labbi, Safwan and Tiapkin, Daniil and Mancini, Lorenzo and Mangold, Paul and Moulines, Eric},
  booktitle={AISTATS},
  year={2025},
  AUTHOR+an = {4=highlight},
 keywords={me,preprint},
url={https://arxiv.org/abs/2410.22908},
annotation={\url{https://github.com/Labbi-Safwan/Fed-UCBVI}}
}


@inproceedings{mancini2024joint,
  title={Joint Channel Selection using FedDRL in V2X},
  author={Mancini, Lorenzo and Labbi, Safwan and Meraim, Karim Abed and Boukhalfa, Fouzi and Durmus, Alain and Mangold, Paul and Moulines, Eric},
  booktitle={IEEE-MECOM},
  year={2024},
  AUTHOR+an = {6=highlight},
 keywords={me,preprint},
url={https://arxiv.org/abs/2410.20687}
}


@inproceedings{hendrikx2024relative,
  title={The Relative Gaussian Mechanism and its Application to Private Gradient Descent},
  author={Hendrikx, Hadrien and Mangold, Paul and Bellet, Aur{\'e}lien and xx, xx},
  booktitle={AISTATS},
  year={2024},
  AUTHOR+an = {2=highlight},
 keywords={me,published},
url={https://hal.science/hal-04370596v1},
annotation={\url{https://github.com/HadrienHx/RGM}}
}

@inproceedings{mangold2024scafflsa,
  title={Scafflsa: Taming heterogeneity in federated linear stochastic approximation and td learning},
  author={Mangold, Paul and Samsonov, Sergey and Labbi, Safwan and Levin, Ilya and Alami, Reda and Naumov, Alexey and Moulines, Eric},
  booktitle={NeurIPS},
  year={2024},
  AUTHOR+an = {1=highlight},
 keywords={me,published},
url={https://hal.science/hal-04878344},
annotation={\url{https://github.com/pmangold/scafflsa}}
}


@inproceedings{mangold2023differential,
  title={Differential privacy has bounded impact on fairness in classification},
  author={Mangold, Paul and Perrot, Micha{\"e}l and Bellet, Aur{\'e}lien and Tommasi, Marc},
  booktitle={ICML},
  year={2023},
  AUTHOR+an = {1=highlight},
 keywords={me,published},
url={https://hal.science/hal-03902203},
annotation={\url{https://github.com/pmangold/fairness-privacy}}
}

@inproceedings{mangold2023high,
  title={High-dimensional private empirical risk minimization by greedy coordinate descent},
  author={Mangold, Paul and Bellet, Aur{\'e}lien and Salmon, Joseph and Tommasi, Marc},
  booktitle={AISTATS},
  year={2023},
  AUTHOR+an = {1=highlight},
 keywords={me,published},
url={https://hal.science/hal-03714465},
annotation={\url{https://gitlab.inria.fr/pmangold1/greedy-coordinate-descent}}
}


@inproceedings{ogier2022flamby,
  title={Flamby: Datasets and benchmarks for cross-silo federated learning in realistic healthcare settings},
  author={Ogier du Terrail, Jean and Ayed, Samy-Safwan and Cyffers, Edwige and Grimberg, Felix and He, Chaoyang and Loeb, Regis and Mangold, Paul and Marchand, Tanguy and Marfoq, Othmane and Mushtaq, Erum and others},
  booktitle={NeurIPS},
  year={2022},
  AUTHOR+an = {7=highlight},
 keywords={me,published},
url={https://hal.science/hal-03900026v1},
annotation={\url{https://github.com/owkin/FLamby}}
}

@inproceedings{mangold2022differentially,
  title={Differentially private coordinate descent for composite empirical risk minimization},
  author={Mangold, Paul and Bellet, Aur√©lien and Salmon, Joseph and Tommasi, Marc},
  booktitle={ICML},
year={2022},
  AUTHOR+an = {1=highlight},
 keywords={me,published},
url={https://hal.science/hal-03424974},
annotation={\url{https://gitlab.inria.fr/pmangold1/private-coordinate-descent/}}
}

@incollection{lamer2021specifications,
  title={Specifications for the routine implementation of federated learning in hospitals networks},
  author={Lamer, Antoine and Filiot, Alexandre and Bouillard, Yannick and Mangold, Paul and Andrey, Paul and Schiro, Jessica},
  booktitle={MIE},
  year={2021},
  publisher={IOS Press},
  AUTHOR+an = {4=highlight},
 keywords={me,published},
url={https://hal.inria.fr/hal-03423328},
}

@incollection{mangold2020decentralized,
  title={A decentralized framework for biostatistics and privacy concerns},
  author={Mangold, Paul and Filiot, Alexandre and Moussa, Mouhamed and Sobanski, Vincent and Ficheur, Gregoire and Andrey, Paul and Lamer, Antoine},
  booktitle={EFMI STC},
  year={2020},
  publisher={IOS Press},
  AUTHOR+an = {1=highlight},
 keywords={me,published},
url={https://hal.science/hal-03110739},
annotation={\url{https://gitlab.com/include-project/federate}}
}



@phdthesis{mangold2023exploiting,
  title={Exploiting problem structure in privacy-preserving optimization and machine learning},
  author={Mangold, Paul},
  year={2023},
  school={Universit{\'e} de Lille},
  AUTHOR+an = {1=highlight},
keywords={me,thesis},
url={https://theses.hal.science/tel-04346432v1}
}


