@article{schulman2017proximal,
  title={Proximal policy optimization algorithms},
  author={Schulman, John and Wolski, Filip and Dhariwal, Prafulla and Radford, Alec and Klimov, Oleg},
  journal={arXiv preprint arXiv:1707.06347},
  year={2017}
}


@article{labbi2025global,
  title={On Global Convergence Rates for Federated Policy Gradient under Heterogeneous Environment},
  author={Labbi, Safwan and Mangold, Paul and Tiapkin, Daniil and Moulines, Eric},
  journal={arXiv},
  year={2025}
}
@article{labbi2024federated,
  title={Federated ucbvi: Communication-efficient federated regret minimization with heterogeneous agents},
  author={Labbi, Safwan and Tiapkin, Daniil and Mancini, Lorenzo and Mangold, Paul and Moulines, Eric},
  journal={AISTATS},
  year={2024}
}
@article{mangold2024scafflsa,
  title={Scafflsa: Taming heterogeneity in federated linear stochastic approximation and td learning},
  author={Mangold, Paul and Samsonov, Sergey and Labbi, Safwan and Levin, Ilya and Alami, Reda and Naumov, Alexey and Moulines, Eric},
  journal={NeurIPS},
  year={2024}
}
@inproceedings{mancini2024joint,
  title={Joint Channel Selection using FedDRL in V2X},
  author={Mancini, Lorenzo and Labbi, Safwan and Meraim, Karim Abed and Boukhalfa, Fouzi and Durmus, Alain and Mangold, Paul and Moulines, Eric},
  booktitle={MECOM},
  year={2024}
  }
