@inproceedings{shokri2017Membership,
  title = {Membership {{Inference Attacks Against Machine Learning Models}}},
%  booktitle = {2017 {{IEEE Symposium}} on {{Security}} and {{Privacy}} ({{SP}})},
  author = {Shokri, Reza and Stronati, Marco and Song, Congzheng and Shmatikov, Vitaly},
  year = {2017},
}

@inproceedings{dwork2006Differential,
  title = {Differential {{Privacy}}},
  booktitle = {Automata, {{Languages}} and {{Programming}}},
  author = {Dwork, Cynthia},
  year = {2006},
}

@inproceedings{song2013Stochastic,
  title = {Stochastic Gradient Descent with Differentially Private Updates},
%  booktitle = {2013 {{IEEE Global Conference}} on {{Signal}} and {{Information Processing}}},
  author = {Song, Shuang and Chaudhuri, Kamalika and Sarwate, Anand D.},
  year = {2013},
}

@inproceedings{bassily2014Private,
  title = {Private {{ERM}}: {{Efficient Algorithms}} and {{Tight Error Bounds}}},
%  shorttitle = {Private {{Empirical Risk Minimization}}},
  booktitle = {2014 {{IEEE}} 55th {{Annual Symposium}} on {{Foundations}} of {{Computer Science}}},
  author = {Bassily, Raef and Smith, Adam and Thakurta, Abhradeep},
  year = {2014},
}

@inproceedings{mangold2022Differentially,
  title = {Differentially {{Private Coordinate Descent}} for {{Composite ERM}}},
%  booktitle = {Proceedings of the 39th {{International Conference}} on {{Machine Learning}}},
  author = {Mangold, Paul and Bellet, Aur{\'e}lien and Salmon, Joseph and Tommasi, Marc},
  year = {2022},
}

@inproceedings{mangold2023Differential,
  title = {Differential Privacy Has {{Bounded Impact}} on {{Fairness}} in {{Classification}}},
  booktitle = {ICML},
  author = {Mangold, Paul and Perrot, Micha{\"e}l and Bellet, Aur{\'e}lien and Tommasi, Marc},
  year = {2023},
}

@inproceedings{mangold2023HighDimensional,
  title = {High-{{Dimensional Private ERM}} by {{Greedy Coordinate Descent}}},
%  booktitle = {Proceedings of {{The}} 26th {{International Conference}} on {{Artificial Intelligence}} and {{Statistics}}},
  author = {Mangold, Paul and Bellet, Aur{\'e}lien and Salmon, Joseph and Tommasi, Marc},
  year = {2023},
}

@inproceedings{zafar2017Fairness,
  title = {Fairness {{Beyond Disparate Treatment}} \& {{Disparate Impact}}: {{Learning Classification}} without {{Disparate Mistreatment}}},
%  booktitle = {Proceedings of the 26th {{International Conference}} on {{World Wide Web}}},
  author = {Zafar, Muhammad Bilal and Valera, Isabel and Gomez Rodriguez, Manuel and Gummadi, Krishna P.},
  year = {2017},
}
@inproceedings{calders2009Building,
  title = {Building {{Classifiers}} with {{Independency Constraints}}},
  booktitle = {2009 {{IEEE International Conference}} on {{Data Mining Workshops}}},
  author = {Calders, Toon and Kamiran, Faisal and Pechenizkiy, Mykola},
  year = {2009},
}

@inproceedings{bagdasaryan2019Differential,
  title = {Differential Privacy Has Disparate Impact on Model Accuracy},
  booktitle = {NeurIPS},
  author = {Bagdasaryan, Eugene and Poursaeed, Omid and Shmatikov, Vitaly},
  year = 2019,
}

@inproceedings{terrail2022FLamby,
  title = {{{FLamby}}: {{Datasets}} and {{Benchmarks}} for {{Cross-Silo FL}} in {{Healthcare}}},
%  shorttitle = {{{FLamby}}},
%  booktitle = {Thirty-Sixth {{Conference}} on {{Neural Information Processing Systems}}},
  author = {du Terrail, Jean Ogier and Ayed, Samy-Safwan and Cyffers, Edwige and Grimberg, Felix and He, Chaoyang and Loeb, Regis and Mangold, Paul and Marchand, Tanguy and Marfoq, Othmane and Mushtaq, Erum and Muzellec, Boris and Philippenko, Constantin and Silva, Santiago and Tele{\'n}czuk, Maria and Albarqouni, Shadi and Avestimehr, Salman and Bellet, Aur{\'e}lien and Dieuleveut, Aymeric and Jaggi, Martin and Karimireddy, Sai Praneeth and Lorenzi, Marco and Neglia, Giovanni and Tommasi, Marc and Andreux, Mathieu},
  year = {2022},
}

@inproceedings{mangold2020Decentralized,
  title = {A {{Decentralized Framework}} for {{Biostatistics}} and {{Privacy Concerns}}},
%  booktitle = {Studies in {{Health Technology}} and {{Informatics}}},
  author = {Mangold, Paul and Filiot, Alexandre and Moussa, Mouhamed and Sobanski, Vincent and Ficheur, Gregoire and Andrey, Paul and Lamer, Antoine},
  year = {2020},
}

@inproceedings{lamer2021Specifications,
  title = {Specifications for the Routine Implementation of FL in Hospitals Networks},
%  booktitle = {Studies in Health Technology and Informatics},
  author = {Lamer, Antoine and Filiot, Alexandre and Bouillard, Yannick and Mangold, Paul and Andrey, Paul and Schiro, Jessica},
  year = {2021},
}

@inproceedings{hendrikx2023relative,
  title={The Relative Gaussian Mechanism and its Application to DP-GD},
  author={Hendrikx, Hadrien and Mangold, Paul and Bellet, Aur{\'e}lien},
%  journal={arXiv preprint arXiv:2308.15250},
  year={2023}
}
